% doi with (), author with umlaut or other unicode or specific symbols, 9 authors

@article{Fang,
  author    = {Jianbin Fang and
               Chun Huang and
               Tao Tang and
               Zheng Wang},
  title     = {Parallel Programming Models for Heterogeneous Many-Cores : {A} Survey},
  journal   = {CoRR},
  volume    = {abs/2005.04094},
  year      = {2020},
  url       = {https://arxiv.org/abs/2005.04094},
  eprinttype = {arXiv},
  eprint    = {2005.04094},
  timestamp = {Thu, 14 May 2020 16:56:02 +0200},
  biburl    = {https://dblp.org/rec/journals/corr/abs-2005-04094.bib},
  bibsource = {dblp computer science bibliography, https://dblp.org}
}

