@article{vladimirov2022opt,
  title={Оптимизация условных переходов с учетом векторных возможностей потока управления Intel GPU},
  author={Vladimirov, Konstantin Igorevich and Tarasov, Yuly Valeryevich},
  journal={Современные информационные технологии и ИТ-образование},
  volume={18},
  number={2},
  pages={256--262},
  year={2022}
}

@article{vladimirov2022opt2,
  title={Оптимизация разбиения структур для векторного оптимизатора в графическом компиляторе Intel},
  author={Vladimirov, Konstantin Igorevich and Andreev, Ilya Vitalyevich},
  journal={Современные информационные технологии и ИТ-образование},
  volume={18},
  number={2},
  pages={249--255},
  year={2022}
}